<record><leader>00000cas a22000007a 4500</leader><controlfield tag="001">18679392</controlfield><controlfield tag="008">881028c18899999mouwr ne      0    0eng d</controlfield><datafield ind1=" " ind2=" " tag="010"><subfield code="a">sn 88068214 </subfield></datafield><datafield ind1=" " ind2=" " tag="040"><subfield code="a">MQN</subfield><subfield code="b">eng</subfield><subfield code="c">MQN</subfield><subfield code="d">MXM</subfield><subfield code="d">OCLCQ</subfield></datafield><datafield ind1=" " ind2=" " tag="043"><subfield code="a">n-us-mo</subfield></datafield><datafield ind1="0" ind2="0" tag="245"><subfield code="a">Adrian journal.</subfield></datafield><datafield ind1=" " ind2=" " tag="260"><subfield code="a">Adrian, Mo. :</subfield><subfield code="b">U.A. McBride,</subfield><subfield code="c">1889-</subfield></datafield><datafield ind1=" " ind2=" " tag="300"><subfield code="a">v.</subfield></datafield><datafield ind1=" " ind2=" " tag="310"><subfield code="a">Weekly</subfield></datafield><datafield ind1="1" ind2=" " tag="362"><subfield code="a">Began in 1889.</subfield></datafield><datafield ind1=" " ind2=" " tag="515"><subfield code="a">Numbering changed from vols. to years with: 52nd year, no. 24 (Apr. 18, 1940).</subfield></datafield><datafield ind1=" " ind2=" " tag="588"><subfield code="a">Description based on: [vol. 1, no. 9] (Mar. 7, 1889).</subfield></datafield><datafield ind1=" " ind2="0" tag="651"><subfield code="a">Adrian (Mo.)</subfield><subfield code="v">Newspapers.</subfield></datafield><datafield ind1=" " ind2="0" tag="651"><subfield code="a">Bates County (Mo.)</subfield><subfield code="v">Newspapers.</subfield></datafield><datafield ind1=" " ind2=" " tag="752"><subfield code="a">United States</subfield><subfield code="b">Missouri</subfield><subfield code="c">Bates</subfield><subfield code="d">Adrian.</subfield></datafield></record>